@book{barfoot2017state,
    title={State Estimation for Robotics},
    author={Barfoot, T. D.},
    DOI={10.1017/9781316671528},
    year={2017},
    publisher={Cambridge Univ. Press}
}

@book{craigbook,
    title={Introduction to Robotics: Mechanics and Control, 3rd Edition },
    author={John J. Craig},
    year={2005},
    publisher={Pearson}
}
